<?xml version="1.0" encoding="UTF-8"?><collection xmlns="http://www.loc.gov/MARC21/slim"><record><leader>00366nam--2200145-i-4500</leader><controlfield tag="001">000010292</controlfield><controlfield tag="002">20161230</controlfield><controlfield tag="005">20161230201028</controlfield><controlfield tag="008">060222s1000------------r-----000-0-eng-d</controlfield><datafield ind1=" " ind2=" " tag="080"><subfield code="a">577.1</subfield></datafield><datafield ind1=" " ind2=" " tag="100"><subfield code="a">Bentley, Ronald</subfield></datafield><datafield ind1=" " ind2=" " tag="245"><subfield code="a">Molecular asymmetry in biology</subfield></datafield><datafield ind1=" " ind2=" " tag="260"><subfield code="a">New York, Academic Press, 1969. Xii + 322 P</subfield></datafield><datafield ind1=" " ind2=" " tag="490"><subfield code="a">Molecular Biology</subfield></datafield><datafield ind1=" " ind2=" " tag="852"><subfield code="a">37550</subfield></datafield></record></collection>